@manual{intel2017man,
    author = {{Intel Corporation}},
    title = {Intel 64 and IA-32 Architectures Software Developer’s Manual},
    year = {2016},
    month = apr,
    organization = {Intel Corporation},
    note = {\url{http://www.intel.com/content/www/us/en/processors/architectures-software-developer-manuals.html},
    visited 2017-08-19}
}

@article{fast_log,
    author={{O. Vinyals, G. Friedland, N. Mirghafori}},
    title={Revisiting a basic function on current CPUs: A fast logarithm implementation with adjustable accuracy},
    year = {2008},
    month = jun,
    journal = {Berkeley University},
    note = {\url{http://www.icsi.berkeley.edu/pubs/techreports/TR-07-002.pdf}, visited 2021-06-16},
}

@article{remez,
    author = {{E. Ya. Remez}},
    title = {Sur la détermination des polynômes d'approximation de degré donnée},
    year = {1934},
    journal={Comm. Soc. Math. Kharkov}
}

@misc{lolremez,
    author={{@samhocevar}},
    title={A Remez algorithm implementation to approximate functions using polynomials.},
    note = {\url{https://github.com/samhocevar/lolremez}, visited 2021-06-16},
}

@article{kahan,
    author = "William Kahan",
    title = "Further remarks on reducing truncation errors",
    journal = "Communications of the ACM",
    volume = "8",
    number = "40",
    year = "1965",
}